@online{Glasgow60,
	author = {{University of Glasgow}},
	title = {{What the DEUCE? Scotland's first computer}},
	year = {2019},
	url = {https://www.gla.ac.uk/schools/computing/aboutus/60years/scotlandsfirstcomputer},
}

@online{Ace12,
	author = {Green, David},
	title = {{The Pilot ACE Emulator}},
	year = {2011},
	url = {https://web.archive.org/web/20111204234452/http://www.pilotaceonline.com/index.html},
}

@online{DelayLine19,
	author = {{University of Glasgow}},
	title = {{DEUCE mercury delay line amplifier}},
	year = {2017},
	url = {https://www.youtube.com/watch?v=Jf_j3oE5BvE},
}

@online{Wayback19,
	author = {{The Internet Archive}},
	title = {{Internet Archive: Wayback Machine}},
	year = {2019},
	url = {https://archive.org/web/},
}

@online{Warwick16,
	author = {Campbell-Kelly, Martin},
	title = {{Edsac Simulator}},
	year = {2016},
	url = {https://www.dcs.warwick.ac.uk/~edsac/},
}

@online{Baby08,
	author = {Sharp, David},
	title = {{Manchester Baby Simulator}},
	year = {2008},
	url = {https://www.davidsharp.com/baby/index.html},
}

@online{BabyGuide08,
	author = {Sharp, David},
	title = {{Manchester Baby Simulator User Guide}},
	year = {2008},
	url = {https://www.davidsharp.com/baby/babyuserguide.pdf},
}

@inproceedings{Vowels05,
	author    = {Vowels, Robin A.},
	title     = {{The DEUCE - a user's view}},
	booktitle = {Alan Turing's Automatic Computing Engine: The Master Codebreaker's Struggle to build the Modern Computer},
	pages     = {299--325},
	year      = {2005},    	
}

@inproceedings{VowelsAce05,
	author    = {Vowels, Robin A.},
	title     = {{The Pilot ACE: from concept to reality}},
	booktitle = {Alan Turing's Automatic Computing Engine: The Master Codebreaker's Struggle to build the Modern Computer},
	pages     = {233--258},
	year      = {2005},    	
}

@inproceedings{Gao17,
	author    = {Gao, Zhenyan and Ying, Xiaolan and Yan, Jin and Wang, Ju and Cai, Shizhong and Yan, Chonghuai.},
	title     = {Acute mercury vapor poisoning in a 3-month-old infant: A case report},
	booktitle = {Clinica Chimica Acta},
	volume	  = {465},
	pages     = {119--122},
	year      = {2017},    
	
}

@inproceedings{uml18,
	author    = {Torre, Damiano and Labiche, Yvan and Genero, Marcela and Elaasar Maged.},
	title     = {A systematic identification of consistency rules for UML diagrams},
	booktitle = {Journal of Systems and Software},
	volume	  = {144},
	pages     = {121--142},
	year      = {2018},
}


@inproceedings{Weth10,
	author    = {Wetherfield, M.},
	title     = {{Personal Recollections of Programming DEUCE in the Late 1950s}},
	booktitle = {The Computer Journal},
	volume 	  = {53},
	issue     = {9},
	pages     = {1535--1549},
	year      = {2010},    
}

@inproceedings{Edsac11,
	author    = {Barron, D.},
	title     = {{EDSAC: A Programmer Remembers}},
	booktitle = {The Computer Journal},
	volume 	  = {54},
	issue     = {1},
	pages     = {139--142},
	year      = {2011},    
}

@book{Nair05,
	title= {Virtual machines: versatile platforms for systems and processes},
	author= {Smith, James E. and Nair, Ravi},
	year= {2005},
	publisher= {Morgan Kaufmann Publishers},
	pages= {27--82},
}

@book{Moscow14,
	title= {Introduction to Agile Methods},
	author= {Ashmore, Sondra and Runyan, Kristin},
	year= {2014},
	publisher= {Addison Wesley Professional},
	chapter = {6},
	pages= {154},
}