@misc{Glasgow60,
	author = {{University of Glasgow}},
	title = {{What the DEUCE? Scotland's first computer}},
	url = {https://www.gla.ac.uk/schools/computing/aboutus/60years/scotlandsfirstcomputer},
	year = {2017},
	note = {Accessed: February 27, 2019},
}

@misc{Ace12,
	author = {Green, David},
	title = {{The Pilot ACE Emulator}},
	url = {https://web.archive.org/web/20111204234452/http://www.pilotaceonline.com/index.html},
	year = {2011},
	note = {Accessed: March 8, 2019},
}

@misc{DelayLine19,
	author = {{University of Glasgow}},
	title = {{DEUCE mercury delay line amplifier}},
	year = {2017},
	url = {https://www.youtube.com/watch?v=Jf_j3oE5BvE},
	note = {Accessed: March 8, 2019},
}

@misc{Wayback19,
	author = {{The Internet Archive}},
	title = {{Internet Archive: Wayback Machine}},
	year = {2019},
	url = {https://archive.org/web/},
	note = {Accessed: March 8, 2019},
}

@misc{Warwick16,
	author = {Campbell-Kelly, Martin},
	title = {{Edsac Simulator}},
	year = {2016},
	url = {https://www.dcs.warwick.ac.uk/~edsac/},
	note = {Accessed: March 8, 2019},
}

@misc{node19,
	author = {{Node.js}},
	title = {{Node.js}},
	year = {2019},
	url = {https://nodejs.org/en/},
	note = {Accessed: March 15, 2019},
}

@misc{angular19,
	author = {Google},
	title = {Angular},
	year = {2019},
	url = {https://angular.io/},
	note = {Accessed: March 15, 2019},
}

@misc{react19,
	author = {Facebook},
	title = {React - A JavaScript library for building user interfaces},
	year = {2019},
	url = {https://reactjs.org/},
	note = {Accessed: March 15, 2019},
}

@misc{vue19,
	author = {Vue.js},
	title = {Vue.js},
	year = {2019},
	url = {https://vuejs.org/},
	note = {Accessed: March 15, 2019},
}

@misc{Baby08,
	author = {Sharp, David},
	title = {{Manchester Baby Simulator}},
	year = {2008},
	url = {https://www.davidsharp.com/baby/index.html},
	note = {Accessed: March 8, 2019},
}

@misc{BabyGuide08,
	author = {Sharp, David},
	title = {{Manchester Baby Simulator User Guide}},
	year = {2008},
	url = {https://www.davidsharp.com/baby/babyuserguide.pdf},
	note = {Accessed: March 8, 2019},
}

@misc{openclipart,
	author = {{openclipart.org}},
	title = {{Open Clipart}},
	year = {2019},
	url = {https://openclipart.org/},
	note = {Accessed: March 13, 2019},
}

@misc{creativecommons,
	author = {{Creative Commons}},
	title = {{Creative Commons - CC0 1.0 Universal}},
	year = {2019},
	url = {https://creativecommons.org/publicdomain/zero/1.0/},
	note = {Accessed: March 13, 2019},
}

@misc{npm19,
	author = {{NPM}},
	title = {{npm}},
	year = {2019},
	url = {https://www.npmjs.com/},
	note = {Accessed: March 15, 2019},
}

@misc{tnmoc18,
	author = {{The National Museum of Computing}},
	title = {{English Electric DEUCE Programming Course}},
	year = {2018},
	url = {http://members.iinet.net.au/~dgreen/deuce/DEUCEProgrammingCourse.pdf},
	note = {Accessed: March 24, 2019},
}

@misc{chilton19,
	author = {{Chilton Computing}},
	title = {{22. English Electric DEUCE Brochure}},
	year = {2019},
	url = {http://www.chilton-computing.org.uk/acl/literature/manuals/nottingham/p022.htm},
	note = {Accessed: March 24, 2019},
}

@misc{github19,
	author = {{GitHub}},
	title = {{GitHub}},
	year = {2019},
	url = {https://github.com/},
	note = {Accessed: March 16, 2019},
}

@misc{githubpages19,
	author = {{GitHub Pages}},
	title = {{GitHub Pages}},
	year = {2019},
	url = {https://pages.github.com/},
	note = {Accessed: March 16, 2019},
}

@inproceedings{Vowels05,
	author    = {Vowels, Robin A.},
	title     = {{The DEUCE - a user's view}},
	booktitle = {Alan Turing's Automatic Computing Engine: The Master Codebreaker's Struggle to build the Modern Computer},
	pages     = {299--325},
	year      = {2005},    	
}

@inproceedings{ide15,
	author    = {Snipes, Will and {Murphy-Hill}, Emerson and Fritz, Thomas and Vakilian, Mohsen and Damevski, Kostadin and Nair, {Anil R.} and Shepherd, David},
	title     = {{A Practical Guide to Analyzing IDE Usage Data}},
	booktitle = {The Art and Science of Analyzing Software Data},
	pages     = {85-138},
	year      = {2015},    	
}

@inproceedings{vcs16,
	author    = {Blischak, John D. and Davenport, Emily R.},
	title     = {{A Quick Introduction to Version Control with Git and GitHub}},
	booktitle = {PLOS Computational Biology},
	volume 	  = {12},
	issue     = {1},
	pages     = {1--18},
	year      = {2016},    	
}


@inproceedings{VowelsAce05,
	author    = {Vowels, Robin A.},
	title     = {{The Pilot ACE: from concept to reality}},
	booktitle = {Alan Turing's Automatic Computing Engine: The Master Codebreaker's Struggle to build the Modern Computer},
	pages     = {233--258},
	year      = {2005},    	
}

@inproceedings{Gao17,
	author    = {Gao, Zhenyan and Ying, Xiaolan and Yan, Jin and Wang, Ju and Cai, Shizhong and Yan, Chonghuai.},
	title     = {Acute mercury vapor poisoning in a 3-month-old infant: A case report},
	booktitle = {Clinica Chimica Acta},
	volume	  = {465},
	pages     = {119--122},
	year      = {2017},    
	
}

@inproceedings{Weth10,
	author    = {Wetherfield, M.},
	title     = {{Personal Recollections of Programming DEUCE in the Late 1950s}},
	booktitle = {The Computer Journal},
	volume 	  = {53},
	issue     = {9},
	pages     = {1535--1549},
	year      = {2010},    
}

@inproceedings{kersten10,
	author    = {Kersten, Benjamin and Goedicke, Michael},
	title     = {{Browser-based Analysis of Web Framework Applications}},
	booktitle = {Electronic Proceedings in Theoretical Computer Science},
	volume 	  = {35},
	pages     = {51--62},
	year      = {2010},    
}

@book{javascript15,
	author    = {Ambler, Tim and Cloud, Nicholas},
	title     = {{JavaScript Frameworks for Modern Web Dev}},
	year      = {2015},    
	publisher = {Apress},
	pages     = {xxv},
}


@inproceedings{Edsac11,
	author    = {Barron, D.},
	title     = {{EDSAC: A Programmer Remembers}},
	booktitle = {The Computer Journal},
	volume 	  = {54},
	issue     = {1},
	pages     = {139--142},
	year      = {2011},    
}

@inproceedings{Clow18,
	author    = {Clow, Mark},
	title     = {{AngularJS vs. Angular (Old vs. New)}},
	booktitle = {Angular 5 Projects},
	chapter   = {2},
	pages     = {15--25},
	year      = {2018},    
}

@inproceedings{typescript18,
	author    = {Clow, Mark},
	title     = {{TypeScript}},
	booktitle = {Angular 5 Projects},
	chapter   = {4},
	pages     = {41--55},
	year      = {2018},    
}

@inproceedings{ClowNode18,
	author    = {Clow, Mark},
	title     = {Node},
	booktitle = {Angular 5 Projects},
	chapter   = {6},
	pages     = {69--76},
	year      = {2018},    
}

@inproceedings{visualstudio18,
	author    = {Clow, Mark},
	title     = {{Visual Studio Code}},
	booktitle = {Angular 5 Projects},
	chapter   = {5},
	pages     = {57--68},
	year      = {2018},    
}

@inproceedings{chambers14,
	author    = {Chambers, {John M.}},
	title     = {{Object-Oriented Programming, Functional Programming and R}},
	booktitle = {Statistical Science},
	volume    = {29},
	issue     = {2},
	pages     = {169},
	year      = {2014},    
}

@book{Nair05,
	title= {Virtual machines: versatile platforms for systems and processes},
	author= {Smith, James E. and Nair, Ravi},
	year= {2005},
	publisher= {Morgan Kaufmann Publishers},
	pages= {27--82},
}

@book{Moscow14,
	title= {Introduction to Agile Methods},
	author= {Ashmore, Sondra and Runyan, Kristin},
	year= {2014},
	publisher= {Addison Wesley Professional},
	chapter = {6},
	pages= {154},
}

